2932 4934
237 419 281 480 44
695 431 822 479 niuniu
844 429 939 478 nonu.

74 615 132 652 nn.
149 603 223 651 1510.
704 590 933 654 Diumsnouu.

74 749 169 799 Jhonie
283 725 349 788 The
372 723 487 807 penult
508 725 555 787 off
577 724 680 802 Junii,
700 724 755 788 the
779 746 838 802 zer,
864 732 932 801 eto,
956 735 990 787 νο
1012 746 1034 787 x
1058 724 1144 800 neris,
1167 724 1275 787 Jhone
1300 724 1400 787 Make

77 813 161 865 Maka.
240 836 382 900 rentellit
398 837 432 899 in
448 837 497 919 xjs
511 836 567 919 vjd
589 835 665 899 land
681 837 729 900 off
747 836 963 912 Deuidstoun,
978 836 1026 898 off
1042 844 1175 901 consent
1190 836 1238 899 off
1258 837 1401 919 Maigret

241 948 407 1030 Breywod,
423 947 498 1011 scho
513 948 661 1011 brukand
677 948 726 1012 for
740 948 791 1011 hir
805 948 869 1031 lyd
879 955 956 1030 tym

699 1171 940 1235 Cuunns‘roun

286 1304 343 1366 xix
373 1304 574 1382 Nouembris,
603 1325 687 1368 anno
714 1306 856 1381 Domini,
886 1314 954 1383 ete,
983 1305 1239 1390 quingentesimo
1269 1306 1404 1383 doeim0,

242 1415 356 1479 Tomos
372 1416 473 1499 Bogyl
489 1416 696 1481 rentelizatur
710 1417 746 1480 in
760 1417 858 1500 xxiije
872 1417 929 1480 ixd
943 1423 1100 1481 terrerum
1116 1418 1156 1482 de
1171 1417 1405 1502 Chedylenoun,

241 1528 282 1592 de
297 1549 453 1592 consensu
470 1528 659 1593 Elesebethe
675 1529 758 1605 Soet,
773 1549 870 1611 quam
886 1529 981 1592 duxit
996 1529 1030 1592 in
1045 1550 1185 1594 uxorem

716 1752 932 1816 Comensem.

77 1901 209 1978 Jonannes
287 1884 354 1968 xxij
390 1886 412 1950 J
415 1888 548 1966 anuarii,
585 1909 669 1952 enno
706 1888 852 1967 Domini,
884 1895 953 1968 eto,
983 1888 1239 1974 quingentesimo
1270 1889 1405 1967 decimo,

80 1967 212 2018 Nensoun
243 1996 266 2059 J
267 1996 410 2063 ohannes
423 1999 587 2082 Neylsone
602 2001 811 2066 rentolizatur
826 2003 862 2065 in
876 2024 915 2067 ve
929 2004 973 2066 xd
988 2011 1142 2067 terrarum
1157 2002 1197 2066 de
1214 2001 1407 2077 Ciestisone,

244 2109 285 2174 de
300 2132 457 2177 consensu
473 2113 612 2180 Marione
628 2116 734 2193 Beird,
749 2116 820 2198 ipsa
833 2117 992 2200 gaudente
1007 2115 1047 2178 nd
1063 2115 1170 2178 vitam

703 2338 942 2399 Cnunnenoun

80 2485 176 2551 Georgo
288 2470 365 2549 xxvj
389 2469 441 2533 die
461 2468 618 2543 Jenuarii,
640 2486 723 2529 anno
746 2461 885 2533 Domini,
901 2464 968 2530 eto,
983 2452 1238 2536 quingentesimo
1261 2458 1400 2540 docimo,

81 2550 163 2601 kae.
244 2577 397 2660 Georgius
423 2577 521 2640 Lowk
543 2575 747 2640 rontelizatur
767 2573 801 2633 in
823 2567 907 2648 imijs
928 2566 987 2630 iiid
1009 2572 1163 2632 terrarum
1184 2567 1224 2632 de
1247 2568 1396 2633 Chedils-

243 2697 331 2762 toun,
346 2687 386 2751 de
401 2707 557 2751 consensu
572 2685 691 2760 matris,
706 2684 776 2766 ipsa
789 2678 948 2764 gaudente
964 2682 1004 2745 ed
1019 2681 1126 2745 vitam

734 2907 901 2970 DALBETH.

77 3060 164 3111 James
285 3043 421 3108 Wltimo
444 3044 601 3124 Jenunrii,
623 3065 707 3109 anno
729 3043 872 3119 Domini,
895 3051 963 3120 ete,
987 3043 1243 3126 quingentesimo
1266 3042 1401 3122 decimo,

78 3127 196 3192 wynzae
242 3159 264 3222 J
267 3161 384 3224 aoobus
399 3161 540 3245 Wynzet
554 3160 762 3225 rentnlizotur
776 3160 811 3222 in
827 3181 863 3222 κε
877 3166 1034 3222 tenorum
1049 3159 1088 3222 do
1104 3159 1254 3234 Dnlbeth,
1270 3159 1310 3223 de
1326 3180 1401 3223 eon·

242 3291 338 3335 sensu
353 3293 410 3337 sue
426 3272 546 3349 matris,
560 3273 631 3356 ipse
644 3272 803 3357 gaudente
820 3290 876 3354 pro
891 3271 965 3333 vitu

79 3521 190 3571 Thomas
286 3494 411 3559 Vltimo
436 3496 593 3573 Januerii,
619 3517 703 3559 anno
729 3495 871 3571 Domini,
898 3501 967 3569 eto,
988 3492 1245 3576 quingenbesimo
1269 3494 1401 3573 decimo,

80 3586 190 3636 winzet.
243 3607 381 3671 Thomas
406 3608 547 3691 Wynzut
572 3606 779 3671 rentolizntur
805 3607 838 3668 in
866 3626 924 3667 xve
947 3613 1101 3668 tenorum
1125 3604 1165 3668 de
1188 3605 1339 3683 Dalbeth,
1359 3606 1400 3672 de

243 3739 401 3785 consensu
416 3741 473 3785 sue
488 3719 607 3796 mairie,
623 3719 694 3802 ipsa
708 3717 867 3802 gaudente
882 3737 939 3800 pro
954 3716 1029 3780 vitu
