2932 4934
679 462 807 511 norim
828 461 922 510 BOOK.

474 1163 758 1248 BARONIA
799 1164 883 1247 DE
924 1164 1120 1250 STOBO.

58 1763 196 1815 Licence-
264 1772 286 1813 x
316 1751 520 1835 Septembris,
549 1774 634 1818 enno
663 1755 805 1833 Domini,
827 1762 895 1830 ete,
917 1755 1174 1839 quingentesimo
1197 1754 1378 1831 vndeeimo,

56 1846 192 1963 {Jgfflh
220 1861 394 1928 Elezebeth
409 1866 513 1931 Vaioh
528 1873 577 1931 est
591 1867 753 1931 leoensate
767 1867 808 1931 ad
823 1866 1039 1931 maritandum
1059 1867 1233 1951 Georgium
1256 1866 1378 1950 Elphe-

219 1983 302 2054 sion,
317 1982 350 2041 ei
364 1977 411 2042 sio
425 1999 491 2042 ηοη
505 1979 726 2058 rentelezetur,
741 1981 798 2045 sed
813 1980 940 2046 vacabit
954 1985 1055 2043 morie
1070 1979 1229 2042 mwlieris

56 2201 151 2254 Robert
264 2202 364 2284 xxviij
382 2202 580 2281 Decembris,
591 2226 676 2268 anno
691 2205 832 2279 Domini,
848 2213 914 2279 ete,
926 2200 1182 2284 quingentesimo
1196 2201 1378 2279 vndecimo,

55 2267 151 2335 zonng.
220 2312 379 2377 Robertus
394 2313 484 2397 Zong
498 2314 705 2377 rentolizatur
718 2314 754 2374 in
769 2332 832 2373 vna
848 2313 971 2382 bonate,
987 2309 1054 2381 vin,
1070 2329 1131 2370 ane
1147 2310 1297 2394 hoxgang
1312 2320 1376 2377 ter-

219 2442 325 2485 rarum
340 2423 379 2486 de
395 2423 501 2498 Stobo,
516 2424 556 2485 de
572 2441 727 2485 consensu
743 2421 921 2498 Margarete
937 2416 1148 2488 murisiano
1162 2420 1374 2496 possederitis.

261 2641 283 2722 ij
322 2640 479 2717 Januerii,
509 2658 593 2702 enno
630 2635 771 2712 Domini,
800 2642 869 2713 ete,
898 2633 1154 2719 quingentesimo
1191 2634 1371 2713 vndeeimo,

217 2750 386 2814 Eduardus
409 2750 508 2814 Curre
530 2747 736 2812 renielizatur
758 2748 793 2811 in
815 2770 879 2813 vna
899 2748 1025 2827 bouate,
1047 2746 1115 2823 viz,
1138 2767 1197 2810 ene
1221 2745 1372 2832 hoxgeng

216 2867 372 2926 terrarum
386 2861 426 2925 de
442 2860 549 2937 Stobo,
563 2859 603 2924 de
619 2881 776 2925 consensu
791 2862 814 2926 J
815 2862 905 2926 aeobi
921 2860 1030 2945 Clogh,
1044 2866 1123 2924 tune
1136 2860 1334 2943 possessoris

260 3084 282 3166 ij
321 3083 480 3160 Jenuarii,
509 3104 595 3148 enno
632 3085 774 3163 Domini,
803 3092 872 3161 ete,
901 3084 1159 3169 quingentesimo
1195 3083 1374 3160 vndeeimo,

216 3195 380 3259 Walterus
404 3195 514 3260 Clweh
536 3195 743 3260 rentalizstur
765 3197 799 3259 in
815 3217 879 3259 vna
900 3197 1025 3272 bouata,
1039 3195 1108 3271 vin,
1122 3217 1183 3259 ane
1205 3195 1269 3258 hox
1290 3216 1375 3280 gang

216 3313 372 3370 terrarum
394 3306 435 3370 de
458 3307 564 3383 Stobo,
585 3308 624 3371 de
647 3327 805 3372 consensu
827 3307 935 3370 vxoris
958 3307 1121 3389 quondam
1144 3306 1276 3371 Roberti
1305 3307 1375 3384 Zar,

216 3426 296 3483 tuno
310 3420 508 3501 possessorio

259 3666 281 3708 x
317 3647 340 3710 J
343 3647 475 3724 aunarii,
505 3666 589 3710 anno
626 3645 768 3722 Domini,
798 3653 866 3722 eto,
902 3644 1160 3729 quingentesimo
1196 3645 1374 3722 vndeeimo,

110 3765 116 3777 ‘
216 3756 354 3822 Thomas
378 3759 462 3842 Zeyr
483 3757 692 3823 rentalizstur
706 3757 741 3820 in
755 3778 821 3821 vna
835 3757 960 3834 bouata,
976 3757 1044 3833 viz,
1058 3777 1120 3821 ane
1134 3757 1199 3820 horr
1212 3777 1296 3841 gang
1311 3764 1374 3820 ter-

215 3888 322 3932 rorum
348 3870 388 3934 de
417 3871 522 3948 Ssobo,
549 3870 589 3934 de
615 3890 772 3934 consensu
799 3870 958 3935 Johsnnis
985 3869 1218 3952 Drodyrstenis,
1244 3869 1373 3933 eteius

216 3980 325 4042 vxoris
341 3989 420 4045 tuno
435 3982 683 4063 possedentium

259 4223 281 4265 x
296 4203 318 4266 J
320 4202 453 4276 anuarii,
468 4222 554 4264 enno
569 4203 713 4279 Domini,
727 4209 797 4279 eie,
810 4203 1069 4287 quingentesimo
1087 4203 1266 4280 vndeeimo,
1278 4203 1374 4268 ‹Jaco-

214 4315 275 4379 buo
290 4314 392 4397 Inglis
404 4312 612 4378 rentalizetur
622 4314 657 4378 in
668 4315 691 4397 ij
708 4315 851 4391 bouotos,
859 4315 928 4390 viz,
937 4321 1002 4380 two
1012 4315 1112 4380 hoxin
1121 4336 1206 4400 gang
1216 4322 1373 4380 terrerum

214 4426 254 4492 de
269 4426 376 4506 Stobo,
392 4432 543 4491 vocantes
557 4445 615 4510 per
629 4433 764 4491 mortem
780 4426 831 4490 sui
846 4425 954 4510 petris
